<record><leader>00000cas a22000007a 4500</leader><controlfield tag="001">16663820</controlfield><controlfield tag="008">870910d19551975txuwr ne      0    0eng d</controlfield><datafield ind1=" " ind2=" " tag="010"><subfield code="a">sn 87090701 </subfield></datafield><datafield ind1=" " ind2=" " tag="040"><subfield code="a">PPM</subfield><subfield code="b">eng</subfield><subfield code="c">PPM</subfield><subfield code="d">OCLCQ</subfield><subfield code="d">TXHLC</subfield><subfield code="d">OCLCF</subfield><subfield code="d">OCLCO</subfield><subfield code="d">OCLCA</subfield></datafield><datafield ind1=" " ind2=" " tag="042"><subfield code="a">msc</subfield></datafield><datafield ind1="0" ind2="4" tag="245"><subfield code="a">The West Texas register.</subfield></datafield><datafield ind1=" " ind2=" " tag="260"><subfield code="a">Denver, Colo. :</subfield><subfield code="b">Catholic Press Society,</subfield><subfield code="c">1955-1975.</subfield></datafield><datafield ind1=" " ind2=" " tag="310"><subfield code="a">Weekly</subfield></datafield><datafield ind1="0" ind2=" " tag="362"><subfield code="a">Vol. 20, no. 1 (Dec. 30, 1955)-v. 19, no. 20 (Feb. 28, 1975).</subfield></datafield><datafield ind1="2" ind2="0" tag="610"><subfield code="a">Catholic Church.</subfield></datafield><datafield ind1="2" ind2="7" tag="610"><subfield code="a">Catholic Church.</subfield><subfield code="2">fast</subfield><subfield code="0">(OCoLC)fst00531720</subfield></datafield><datafield ind1=" " ind2=" " tag="752"><subfield code="a">United States</subfield><subfield code="b">Texas</subfield><subfield code="c">Potter</subfield><subfield code="d">Amarillo.</subfield></datafield><datafield ind1="0" ind2="0" tag="780"><subfield code="t">Amarillo register</subfield></datafield><datafield ind1="0" ind2="0" tag="785"><subfield code="t">West Texas Catholic</subfield></datafield></record>